@ONLINE {lbp-1,
    author  = {Philipp Wagner},
    title   = {Local Binary Patterns},
    month   = {November},
    year    = {2011},
    url     = {https://www.bytefish.de/blog/local_binary_patterns.html},
    urldate = {28/09/2020}
}
@ONLINE {lbp-2,
    author  = {Adrian Rosebrock},
    title   = {Local Binary Patterns with Python \& OpenCV},
    month   = {December},
    year    = {2015},
    url     = {https://www.pyimagesearch.com/2015/12/07/local-binary-patterns-with-python-opencv/},
    urldate = {29/09/2020}
}
@ONLINE {lbp-3,
    title   = {Local binary patterns},
    url     = {https://en.wikipedia.org/wiki/Local_binary_patterns},
    urldate = {29/09/2020}
}
@ONLINE {lbp-4,
    title = {Lecture 15 Local Binary Patterns (LBP) \& Histogram of Oriented Gradient (HoG)},
    month   = {October},
    year    = {2016},
    url     = {http://biomisa.org/uploads/2016/10/Lect-15.pdf},
    urldate = {29/09/2020}
}
@INPROCEEDINGS {lbp-5,
    author    = {X. Fu and W. Wei},
    booktitle = {2013 International Conference on Computing, Networking and Communications (ICNC)},
    title     = {Centralized Binary Patterns Embedded with Image Euclidean Distance for Facial Expression Recognition},
    year      = {2008},
    volume    = {3},
    issn      = {},
    pages     = {115-119},
    keywords  = {facial expression recognition;centralized binary pattern;image euclidean distance},
    doi       = {10.1109/ICNC.2008.94},
    url       = {https://doi.ieeecomputersociety.org/10.1109/ICNC.2008.94},
    publisher = {IEEE Computer Society},
    address   = {Los Alamitos, CA, USA},
    month     = {October},
    urldate   = {29/09/2020}
}
@ONLINE {hog-1,
    author  = {Satya Mallick},
    title   = {Histogram of Oriented Gradients},
    month   = {December},
    year    = {2016},
    url     = {https://www.learnopencv.com/histogram-of-oriented-gradients/},
    urldate = {29/09/2020}
}
@ONLINE {hog-2,
    author  = {Chris McCormick},
    title   = {HOG Person Detector Tutorial},
    month   = {May},
    year    = {2013},
    url     = {http://mccormickml.com/2013/05/09/hog-person-detector-tutorial/},
    urldate = {29/09/2020}
}
@ONLINE {hog-3,
    author  = {Chris McCormick},
    title   = {Gradient Vectors},
    month   = {May},
    year    = {2013},
    url     = {https://chrisjmccormick.wordpress.com/2013/05/07/gradient-vectors/},
    urldate = {29/09/2020}
}
@ONLINE {sift-1,
    author  = {Utkarsh Sinha},
    title   = {SIFT: Theory and Practice},
    url     = {https://aishack.in/tutorials/sift-scale-invariant-feature-transform-introduction/},
    urldate = {29/09/2020}
}
@ONLINE {sift-2,
    author  = {Edmund Weitz},
    title   = {SIFT - Scale-Invariant Feature Transform},
    year    = {2016},
    url     = {http://weitz.de/sift/index.html},
    urldate = {29/09/2020}
}
